<?xml version="1.0" encoding="UTF-8"?>
<collection xmlns="http://www.loc.gov/MARC21/slim"
            xmlns:xsi="http://www.w3.org/2001/XMLSchema-instance"
            xsi:schemaLocation="http://www.loc.gov/MARC21/slim http://www.loc.gov/standards/marcxml/schema/MARC21slim.xsd">
    
    <!-- 
    Tolkien, J. R. R.: http://www.wikidata.org/entity/Q892 
            <subfield code="1">http://viaf.org/viaf/95218067</subfield>
            <subfield code="4">http://rdaregistry.info/Elements/w/object/P10061</subfield>
    
    
    Lord of the rings: http://www.wikidata.org/entity/Q15228
    <subfield code="1">http://www.wikidata.org/entity/Q15228</subfield>
    
    
    The hobbit: http://www.wikidata.org/entity/Q74287
    <subfield code="1">http://www.wikidata.org/entity/Q74287</subfield>
    
    The fellowship of the ring: 
    <subfield code="1">http://www.wikidata.org/entity/Q208002</subfield>
    
    The two towers: http://www.wikidata.org/entity/Q332388
        <datafield tag="240" ind1="1" ind2="0">
            <subfield code="a">The Two towers</subfield>
            <subfield code="1">http://www.wikidata.org/entity/Q332388</subfield>
        </datafield>
    
    The return of the king: <subfield code="1">http://www.wikidata.org/entity/Q332581</subfield>
    
    Hammond, Wayne G. : http://viaf.org/viaf/59153962
                <subfield code="1">http://viaf.org/viaf/59153962</subfield>
            <subfield code="4">http://rdaregistry.info/Elements/w/object/P10061</subfield>
    
    Scull, Christina: http://viaf.org/viaf/54260077
            <subfield code="1">http://viaf.org/viaf/54260077</subfield>
            <subfield code="4">http://rdaregistry.info/Elements/w/object/P10061</subfield>
    
    Lord of the rings a reader's companion: http://viaf.org/viaf/9014152502908610800009
    <subfield code="1">http://viaf.org/viaf/9014152502908610800009</subfield>
    -->
   
    <!-- Lord of the rings som samlet publikasjon -->
    <record>
        <leader>02052nam a2200457 i 4500</leader>
        <controlfield tag="001">023331790</controlfield>
        <controlfield tag="003">UkOxU</controlfield>
        <controlfield tag="005">20230605102703.0</controlfield>
        <controlfield tag="008">230418t20221966enkb          001|1 eng d</controlfield>
        <datafield tag="020" ind1=" " ind2=" ">
            <subfield code="a">9780008537807</subfield>
            <subfield code="q">set</subfield>
            <subfield code="q">paperback</subfield>
        </datafield>
        <!--
        <datafield tag="020" ind1=" " ind2=" ">
            <subfield code="a">0008537801</subfield>
            <subfield code="q">set</subfield>
            <subfield code="q">paperback</subfield>
        </datafield>
        <datafield tag="020" ind1=" " ind2=" ">
            <subfield code="a">9780008537753</subfield>
            <subfield code="q">set</subfield>
        </datafield>
        <datafield tag="020" ind1=" " ind2=" ">
            <subfield code="a">0008537755</subfield>
            <subfield code="q">set</subfield>
        </datafield>
        <datafield tag="020" ind1=" " ind2=" ">
            <subfield code="z">9780008537722</subfield>
            <subfield code="q">The Fellowship of the Ring</subfield>
            <subfield code="q">paperback</subfield>
        </datafield>
        <datafield tag="020" ind1=" " ind2=" ">
            <subfield code="z">9780008537739</subfield>
            <subfield code="q">The Two Towers</subfield>
            <subfield code="q">paperback</subfield>
        </datafield>
        <datafield tag="020" ind1=" " ind2=" ">
            <subfield code="z">9780008537746</subfield>
            <subfield code="q">The Return of the King</subfield>
            <subfield code="q">paperback</subfield>
        </datafield>-->
        <datafield tag="041" ind1=" " ind2=" ">
            <subfield code="a">eng</subfield>
        </datafield>
        <datafield tag="082" ind1="0" ind2="4">
            <subfield code="a">823.9</subfield>
            <subfield code="2">23</subfield>
        </datafield>
        <datafield tag="100" ind1="1" ind2=" ">
            <subfield code="a">Tolkien, J. R. R.</subfield>
            <subfield code="q">(John Ronald Reuel),</subfield>
            <subfield code="d">1892-1973,</subfield>
            <subfield code="e">author.</subfield>
            <subfield code="1">http://viaf.org/viaf/95218067</subfield>
            <subfield code="4">http://rdaregistry.info/Elements/w/object/P10061</subfield>
        </datafield>
        <datafield tag="240" ind1="1" ind2="0">
            <subfield code="a">Lord of the rings</subfield>
            <subfield code="1">http://www.wikidata.org/entity/Q15228</subfield>
        </datafield>
        <datafield tag="245" ind1="1" ind2="4">
            <subfield code="a">The lord of the rings /</subfield>
            <subfield code="c">J.R.R. Tolkien.</subfield>
        </datafield>
        <datafield tag="264" ind1=" " ind2="1">
            <subfield code="a">London :</subfield>
            <subfield code="b">HarperCollinsPublishers,</subfield>
            <subfield code="c">2022.</subfield>
        </datafield>
        <datafield tag="264" ind1=" " ind2="4">
            <subfield code="c">©1966</subfield>
        </datafield>
        <datafield tag="300" ind1=" " ind2=" ">
            <subfield code="a">3 volumes :</subfield>
            <subfield code="b">maps ;</subfield>
            <subfield code="c">20 cm</subfield>
        </datafield>
        <datafield tag="336" ind1=" " ind2=" ">
            <subfield code="a">text</subfield>
            <subfield code="2">rdacontent</subfield>
            <subfield code="0">http://rdaregistry.info/termList/RDAContentType/1020</subfield>
        </datafield>
        <datafield tag="337" ind1=" " ind2=" ">
            <subfield code="a">unmediated</subfield>
            <subfield code="2">rdamedia</subfield>
            <subfield code="0">http://rdaregistry.info/termList/RDAMediaType/1007</subfield>
        </datafield>
        <datafield tag="338" ind1=" " ind2=" ">
            <subfield code="a">volume</subfield>
            <subfield code="2">rdacarrier</subfield>
            <subfield code="0">http://rdaregistry.info/termList/RDACarrierType/1049</subfield>
        </datafield>
        <datafield tag="380" ind1=" " ind2=" ">
            <subfield code="a">Language-based work</subfield>
            <subfield code="2">rdacarrier</subfield>
            <subfield code="0">https://schema.nb.no/Bibliographic/Values/V1000</subfield>
        </datafield>
        <datafield tag="500" ind1=" " ind2=" ">
            <subfield code="a">Includes index.</subfield>
        </datafield>
        <datafield tag="500" ind1=" " ind2=" ">
            <subfield code="a">Issued in slip case.</subfield>
        </datafield>
        <datafield tag="500" ind1=" " ind2=" ">
            <subfield code="a">"A new legend begins : The Rings of Power, prime video"</subfield>
        </datafield>
        <datafield tag="500" ind1=" " ind2=" ">
            <subfield code="a">This paperback edition is based on the reset edition first published 2014, which is a revised version of the reset edition first published 2004.</subfield>
        </datafield>
        <datafield tag="500" ind1=" " ind2=" ">
            <subfield code="a">First published by HarperCollinsPublishers in 1991.</subfield>
        </datafield>
        <datafield tag="500" ind1=" " ind2=" ">
            <subfield code="a">First published in Great Britain by George Allen &amp; Unwin 1954, second edition 1966.</subfield>
        </datafield>
        <datafield tag="505" ind1="0" ind2=" ">
            <subfield code="a">Part 1. The fellowship of the ring -- Part 2. The two towers -- Part 3. The return of the king.</subfield>
        </datafield>
        <datafield tag="700" ind1="1" ind2="2">
            <subfield code="a">Tolkien, J. R. R.</subfield>
            <subfield code="q">(John Ronald Reuel),</subfield>
            <subfield code="d">1892-1973.</subfield>
            <subfield code="t">Fellowship of the ring</subfield>
            <subfield code="1">http://www.wikidata.org/entity/Q208002</subfield>
        </datafield>
        <datafield tag="700" ind1="1" ind2="2">
            <subfield code="a">Tolkien, J. R. R.</subfield>
            <subfield code="q">(John Ronald Reuel),</subfield>
            <subfield code="d">1892-1973.</subfield>
            <subfield code="t">Two towers</subfield>
            <subfield code="1">http://www.wikidata.org/entity/Q332388</subfield>
        </datafield>
        <datafield tag="700" ind1="1" ind2="2">
            <subfield code="a">Tolkien, J. R. R.</subfield>
            <subfield code="q">(John Ronald Reuel),</subfield>
            <subfield code="d">1892-1973.</subfield>
            <subfield code="t">Return of the king</subfield>
            <subfield code="1">http://www.wikidata.org/entity/Q332581</subfield>
        </datafield>
    </record>