
    <!-- With A readers companion -->
    <record>
        <leader>02098nam a2200505 i 4500</leader>
        <controlfield tag="001">019926782</controlfield>
        <controlfield tag="003">UkOxU</controlfield>
        <controlfield tag="005">20141209111247.0</controlfield>
        <controlfield tag="008">140210s2014    enkab         001 1 eng d</controlfield>
        <datafield tag="020" ind1=" " ind2=" ">
            <subfield code="a">9780007581146</subfield>
            <subfield code="q">set</subfield>
            <subfield code="q">hardback</subfield>
        </datafield>
        <!--<datafield tag="020" ind1=" " ind2=" ">
            <subfield code="z">9780007203543</subfield>
            <subfield code="q">Part 1</subfield>
        </datafield>
        <datafield tag="020" ind1=" " ind2=" ">
            <subfield code="z">9780007203550</subfield>
            <subfield code="q">Part 2</subfield>
        </datafield>
        <datafield tag="020" ind1=" " ind2=" ">
            <subfield code="z">9780007203567</subfield>
            <subfield code="q">Part 3</subfield>
        </datafield>
        <datafield tag="020" ind1=" " ind2=" ">
            <subfield code="z">9780007556908</subfield>
            <subfield code="q">Reader's companion</subfield>
        </datafield>-->
        <datafield tag="041" ind1=" " ind2=" ">
            <subfield code="a">eng</subfield>
        </datafield>
        <datafield tag="082" ind1="0" ind2="4">
            <subfield code="a">823.912</subfield>
            <subfield code="2">23</subfield>
        </datafield>
        <datafield tag="100" ind1="1" ind2=" ">
            <subfield code="a">Tolkien, J. R. R.</subfield>
            <subfield code="q">(John Ronald Reuel),</subfield>
            <subfield code="d">1892-1973,</subfield>
            <subfield code="e">author.</subfield>
            <subfield code="1">http://viaf.org/viaf/95218067</subfield>
            <subfield code="4">http://rdaregistry.info/Elements/w/object/P10061</subfield>
            <subfield code="8">2/c</subfield>
        </datafield>
        <datafield tag="240" ind1="0" ind2="2">
            <subfield code="a">Lord of the rings</subfield>
            <subfield code="1">http://www.wikidata.org/entity/Q15228/companioned</subfield>
            <subfield code="8">2/c</subfield>
        </datafield>
        <datafield tag="740" ind1="0" ind2="0">
            <subfield code="a">Lord of the rings</subfield>
            <subfield code="8">2/c</subfield>
        </datafield>
        <datafield tag="245" ind1="1" ind2="4">
            <subfield code="a">The lord of the rings [boxed set] /</subfield>
            <subfield code="c">J.R.R. Tolkien.</subfield>
        </datafield>
        <datafield tag="250" ind1=" " ind2=" ">
            <subfield code="a">60th anniversary edition.</subfield>
        </datafield>
        <datafield tag="264" ind1=" " ind2="1">
            <subfield code="a">London :</subfield>
            <subfield code="b">HarperCollinsPublishers,</subfield>
            <subfield code="c">2014.</subfield>
        </datafield>
        <datafield tag="300" ind1=" " ind2=" ">
            <subfield code="a">4 volumes :</subfield>
            <subfield code="b">illustrations (some colour), maps ;</subfield>
            <subfield code="c">24 cm</subfield>
        </datafield>
        <!--<datafield tag="336" ind1=" " ind2=" ">
            <subfield code="a">still image</subfield>
            <subfield code="2">rdacontent</subfield>
        </datafield>-->
        <datafield tag="336" ind1=" " ind2=" ">
            <subfield code="a">text</subfield>
            <subfield code="2">rdacontent</subfield>
            <subfield code="0">http://rdaregistry.info/termList/RDAContentType/1020</subfield>
        </datafield>
        <datafield tag="337" ind1=" " ind2=" ">
            <subfield code="a">unmediated</subfield>
            <subfield code="2">rdamedia</subfield>
            <subfield code="0">http://rdaregistry.info/termList/RDAMediaType/1007</subfield>
        </datafield>
        <datafield tag="338" ind1=" " ind2=" ">
            <subfield code="a">volume</subfield>
            <subfield code="2">rdacarrier</subfield>
            <subfield code="0">http://rdaregistry.info/termList/RDACarrierType/1049</subfield>
        </datafield>
        <datafield tag="380" ind1=" " ind2=" ">
            <subfield code="a">Language-based work</subfield>
            <subfield code="2">rdacarrier</subfield>
            <subfield code="0">https://schema.nb.no/Bibliographic/Values/V1000</subfield>
        </datafield>
        <datafield tag="500" ind1=" " ind2=" ">
            <subfield code="a">In case.</subfield>
        </datafield>
        <datafield tag="500" ind1=" " ind2=" ">
            <subfield code="a">Volumes also issued separately.</subfield>
        </datafield>
        <datafield tag="500" ind1=" " ind2=" ">
            <subfield code="a">Set ISBN from plastic wrapper.</subfield>
        </datafield>
        <datafield tag="500" ind1=" " ind2=" ">
            <subfield code="a">Includes index.</subfield>
        </datafield>
        <datafield tag="505" ind1="0" ind2=" ">
            <subfield code="a">The fellowship of the ring -- The two towers -- The return of the king -- Lord of the rings : a reader's companion / by Wayne G. Hammond and Christina Scull.</subfield>
        </datafield>
        <!--<datafield tag="600" ind1="1" ind2="0">
            <subfield code="a">Tolkien, J. R. R.</subfield>
            <subfield code="q">(John Ronald Reuel),</subfield>
            <subfield code="d">1892-1973.</subfield>
            <subfield code="t">Lord of the rings</subfield>
        </datafield>-->
        <datafield tag="700" ind1="1" ind2="2">
            <subfield code="a">Tolkien, J. R. R.</subfield>
            <subfield code="q">(John Ronald Reuel),</subfield>
            <subfield code="d">1892-1973.</subfield>
            <subfield code="t">Fellowship of the ring</subfield>
            <subfield code="1">http://www.wikidata.org/entity/Q208002</subfield>
        </datafield>
        <datafield tag="700" ind1="1" ind2="2">
            <subfield code="a">Tolkien, J. R. R.</subfield>
            <subfield code="q">(John Ronald Reuel),</subfield>
            <subfield code="d">1892-1973.</subfield>
            <subfield code="t">Two towers</subfield>
            <subfield code="1">http://www.wikidata.org/entity/Q332388</subfield>
        </datafield>
        <datafield tag="700" ind1="1" ind2="2">
            <subfield code="a">Tolkien, J. R. R.</subfield>
            <subfield code="q">(John Ronald Reuel),</subfield>
            <subfield code="d">1892-1973.</subfield>
            <subfield code="t">Return of the king</subfield>
            <subfield code="1">http://www.wikidata.org/entity/Q332581</subfield>
        </datafield>
        <datafield tag="700" ind1="1" ind2="2">
            <subfield code="a">Hammond, Wayne G.</subfield>
            <subfield code="t">Lord of the rings : a reader's companion.</subfield>
            <subfield code="8">1/c</subfield>
            <subfield code="1">http://viaf.org/viaf/9014152502908610800009</subfield>
        </datafield>
        <!--<datafield tag="700" ind1="1" ind2=" ">
            <subfield code="a">Hammond, Wayne G.</subfield>
            <subfield code="1">http://viaf.org/viaf/59153962</subfield>
            <subfield code="4">http://rdaregistry.info/Elements/w/object/P10061</subfield>
            <subfield code="8">1/c</subfield>
            <subfield code="8">2/c</subfield>
        </datafield>
        <datafield tag="700" ind1="1" ind2=" ">
            <subfield code="a">Scull, Christina,</subfield>
            <subfield code="e">author.</subfield>
            <subfield code="1">http://viaf.org/viaf/54260077</subfield>
            <subfield code="4">http://rdaregistry.info/Elements/w/object/P10061</subfield>
            <subfield code="8">1/c</subfield>
            <subfield code="8">2/c</subfield>
        </datafield>-->
    </record>