
    <!-- The trilogy as one publication -->
    <record>
        <leader>01247nam a22003372  4500</leader>
        <controlfield tag="001">012525966</controlfield>
        <controlfield tag="003">UkOxU</controlfield>
        <controlfield tag="005">19980423123237.0</controlfield>
        <controlfield tag="008">780106r19771954enkab         001 1 eng d</controlfield>
        <datafield tag="010" ind1=" " ind2=" ">
            <subfield code="a">gb 78001763</subfield>
        </datafield>
        <datafield tag="041" ind1=" " ind2=" ">
            <subfield code="a">eng</subfield>
        </datafield>
        <datafield tag="082" ind1="0" ind2=" ">
            <subfield code="a">823/.9/1</subfield>
            <subfield code="2">18</subfield>
        </datafield>
        <datafield tag="100" ind1="1" ind2=" ">
            <subfield code="a">Tolkien, J. R. R.</subfield>
            <subfield code="q">(John Ronald Reuel),</subfield>
            <subfield code="d">1892-1973.</subfield>
            <subfield code="1">http://viaf.org/viaf/95218067</subfield>
            <subfield code="4">http://rdaregistry.info/Elements/w/object/P10061</subfield>
        </datafield>
        <datafield tag="240" ind1=" " ind2=" ">
            <subfield code="a">Lord of the rings</subfield>
            <subfield code="1">http://www.wikidata.org/entity/Q15228</subfield>
            <subfield code="8">1/c</subfield>
        </datafield>
        <datafield tag="740" ind1=" " ind2=" ">
            <subfield code="a">Lord of the rings</subfield>
            <subfield code="8">1/c</subfield>
        </datafield>
        <datafield tag="245" ind1="1" ind2="4">
            <subfield code="a">The Lord of the rings /</subfield>
            <subfield code="c">J.R.R. Tolkien ; illustrations by Ingahild Grathmer, drawn by Eric Fraser.</subfield>
        </datafield>
        <datafield tag="260" ind1=" " ind2=" ">
            <subfield code="a">London :</subfield>
            <subfield code="b">Folio Society,</subfield>
            <subfield code="c">1977.</subfield>
        </datafield>
        <datafield tag="300" ind1=" " ind2=" ">
            <subfield code="a">3 v. (459 p.; 372 p.; 487 p.) :</subfield>
            <subfield code="b">ill., maps (on lining papers) ;</subfield>
            <subfield code="c">24 cm.</subfield>
        </datafield>
        <datafield tag="336" ind1=" " ind2=" ">
            <subfield code="a">text</subfield>
            <subfield code="2">rdacontent</subfield>
            <subfield code="0">http://rdaregistry.info/termList/RDAContentType/1020</subfield>
        </datafield>
        <datafield tag="337" ind1=" " ind2=" ">
            <subfield code="a">unmediated</subfield>
            <subfield code="2">rdamedia</subfield>
            <subfield code="0">http://rdaregistry.info/termList/RDAMediaType/1007</subfield>
        </datafield>
        <datafield tag="338" ind1=" " ind2=" ">
            <subfield code="a">volume</subfield>
            <subfield code="2">rdacarrier</subfield>
            <subfield code="0">http://rdaregistry.info/termList/RDACarrierType/1049</subfield>
        </datafield>
        <datafield tag="380" ind1=" " ind2=" ">
            <subfield code="a">Language-based work</subfield>
            <subfield code="2">rdacarrier</subfield>
            <subfield code="0">https://schema.nb.no/Bibliographic/Values/V1000</subfield>
        </datafield>
        <datafield tag="500" ind1=" " ind2=" ">
            <subfield code="a">In slip case.</subfield>
        </datafield>
        <datafield tag="500" ind1=" " ind2=" ">
            <subfield code="a">Originally published: London : Allen and Unwin, 1954-55.</subfield>
        </datafield>
        <datafield tag="500" ind1=" " ind2=" ">
            <subfield code="a">Includes index.</subfield>
        </datafield>
        <datafield tag="700" ind1="1" ind2="2">
            <subfield code="a">Tolkien, J. R. R.</subfield>
            <subfield code="q">(John Ronald Reuel),</subfield>
            <subfield code="d">1892-1973.</subfield>
            <subfield code="t">The Fellowship of the ring</subfield>
            <subfield code="1">http://www.wikidata.org/entity/Q208002</subfield>
        </datafield>
        <datafield tag="700" ind1="1" ind2="2">
            <subfield code="a">Tolkien, J. R. R.</subfield>
            <subfield code="q">(John Ronald Reuel),</subfield>
            <subfield code="d">1892-1973.</subfield>
            <subfield code="t">Two towers</subfield>
            <subfield code="1">http://www.wikidata.org/entity/Q332388</subfield>
        </datafield>
        <datafield tag="700" ind1="1" ind2="2">
            <subfield code="a">Tolkien, J. R. R.</subfield>
            <subfield code="q">(John Ronald Reuel),</subfield>
            <subfield code="d">1892-1973.</subfield>
            <subfield code="t">Return of the king</subfield>
            <subfield code="1">http://www.wikidata.org/entity/Q332581</subfield>
        </datafield>
        <datafield tag="700" ind1="1" ind2="0">
            <subfield code="a">Grathmer, Ingahild</subfield>
            <subfield code="4">ill</subfield>
            <subfield code="4">http://rdaregistry.info/Elements/m/object/P30321</subfield>
            <subfield code="1">http://viaf.org/viaf/49263415</subfield>
        </datafield>
        <datafield tag="700" ind1="1" ind2="0">
            <subfield code="a">Fraser, Eric</subfield>
            <subfield code="4">ill</subfield>
            <subfield code="4">http://rdaregistry.info/Elements/m/object/P30321</subfield>
            <subfield code="1">http://viaf.org/viaf/35315716</subfield>
        </datafield>
        <datafield tag="758"  ind1="1" ind2=" ">
            <subfield code="1">http://www.wikidata.org/entity/Q74287</subfield>
            <subfield code="4">http://rdaregistry.info/Elements/w/object/P10122</subfield>
        </datafield>
    </record>