
    <record>
        <leader>00585nam a22002055i 4500</leader>
        <controlfield tag="001">022896191</controlfield>
        <controlfield tag="003">UkOxU</controlfield>
        <controlfield tag="005">20220719093036.0</controlfield>
        <controlfield tag="008">220719t19871987|||           ||| | eng d</controlfield>
        <datafield tag="020" ind1=" " ind2=" ">
            <subfield code="a">0044400918</subfield>
            <subfield code="q">hardback</subfield>
        </datafield>
        <datafield tag="041" ind1=" " ind2=" ">
            <subfield code="a">eng</subfield>
        </datafield>
        <datafield tag="100" ind1="1" ind2=" ">
            <subfield code="a">Tolkien, J. R. R.</subfield>
            <subfield code="q">(John Ronald Reuel),</subfield>
            <subfield code="d">1892-1973.</subfield>
            <subfield code="1">http://viaf.org/viaf/95218067</subfield>
            <subfield code="4">http://rdaregistry.info/Elements/w/object/P10061</subfield>
        </datafield>
        <datafield tag="240" ind1=" " ind2=" ">
            <subfield code="a">The hobbit, or there and back again</subfield>
            <subfield code="1">http://www.wikidata.org/entity/Q74287</subfield>
            <subfield code="8">1/c</subfield>
        </datafield>
        <datafield tag="740" ind1=" " ind2=" ">
            <subfield code="a">The hobbit, or there and back again</subfield>
            <subfield code="8">1/c</subfield>
        </datafield>
        <datafield tag="245" ind1="0" ind2="4">
            <subfield code="a">The hobbit, or there and back again /</subfield>
            <subfield code="c">J. R. R. Tolkien.</subfield>
        </datafield>
        <datafield tag="250" ind1=" " ind2=" ">
            <subfield code="a">Anniversary super de luxe edition.</subfield>
        </datafield>
        <datafield tag="264" ind1=" " ind2="1">
            <subfield code="a">London :</subfield>
            <subfield code="b">Unwin Hyman Limited,</subfield>
            <subfield code="c">1987.</subfield>
        </datafield>
        <datafield tag="264" ind1=" " ind2="4">
            <subfield code="c">© 1987</subfield>
        </datafield>
        <datafield tag="300" ind1=" " ind2=" ">
            <subfield code="a">1 volume.</subfield>
        </datafield>
        <datafield tag="336" ind1=" " ind2=" ">
            <subfield code="a">text</subfield>
            <subfield code="2">rdacontent</subfield>
            <subfield code="0">http://rdaregistry.info/termList/RDAContentType/1020</subfield>
        </datafield>
        <datafield tag="337" ind1=" " ind2=" ">
            <subfield code="a">unmediated</subfield>
            <subfield code="2">rdamedia</subfield>
            <subfield code="0">http://rdaregistry.info/termList/RDAMediaType/1007</subfield>
        </datafield>
        <datafield tag="338" ind1=" " ind2=" ">
            <subfield code="a">volume</subfield>
            <subfield code="2">rdacarrier</subfield>
            <subfield code="0">http://rdaregistry.info/termList/RDACarrierType/1049</subfield>
        </datafield>
        <datafield tag="380" ind1=" " ind2=" ">
            <subfield code="a">Language-based work</subfield>
            <subfield code="2">rdacarrier</subfield>
            <subfield code="0">https://schema.nb.no/Bibliographic/Values/V1000</subfield>
        </datafield>
        <datafield tag="758" ind1=" " ind2=" ">
            <subfield code="a">Lord of the rings</subfield>
            <subfield code="1">http://www.wikidata.org/entity/Q15228</subfield>
            <subfield code="4">http://rdaregistry.info/Elements/w/object/P10020</subfield>
        </datafield>
    </record>