
    <record>
        <leader>02472cim a2200565 c 4500</leader>
        <controlfield tag="001">990513562284702202</controlfield>
        <controlfield tag="005">20230303124922.0</controlfield>
        <controlfield tag="007">sd f||||||||||</controlfield>
        <controlfield tag="008">151023s2005 no#|||| |||||||||||||||nob| </controlfield>
        <datafield tag="020" ind1=" " ind2=" ">
            <subfield code="a">8278441960</subfield>
            <subfield code="q">Fono</subfield>
        </datafield>
        <datafield tag="020" ind1=" " ind2=" ">
            <subfield code="a">9788278441961</subfield>
            <subfield code="c">349.00</subfield>
            <subfield code="q">Aller</subfield>
        </datafield>
        <datafield tag="041" ind1="1" ind2=" ">
            <subfield code="a">nob</subfield>
            <subfield code="h">eng</subfield>
            <subfield code="d">nob</subfield>
        </datafield>
        <datafield tag="080" ind1=" " ind2=" ">
            <subfield code="a">820</subfield>
        </datafield>
        <datafield tag="082" ind1="7" ind2="4">
            <subfield code="a">823</subfield>
            <subfield code="q">NO-OsNB</subfield>
            <subfield code="2">5/nor</subfield>
        </datafield>
        <datafield tag="100" ind1="1" ind2=" ">
            <subfield code="a">Tolkien, J.R.R.</subfield>
            <subfield code="d">1892-1973</subfield>
            <subfield code="0">(NO-TrBIB)90056310</subfield>
        </datafield>
        <datafield tag="240" ind1=" " ind2=" ">
            <subfield code="a">The hobbit, or there and back again</subfield>
            <subfield code="1">http://www.wikidata.org/entity/Q74287</subfield>
            <subfield code="8">1/c</subfield>
        </datafield>
        <datafield tag="740" ind1=" " ind2=" ">
            <subfield code="a">Hobbiten</subfield>
            <subfield code="8">1/c</subfield>
        </datafield>
        <datafield tag="245" ind1="1" ind2="0">
            <subfield code="a">Hobbiten</subfield>
            <subfield code="c">J.R.R. Tolkien ; [oversatt av: Finn Åsen, Oddrun Grønnvik]</subfield>
            <subfield code="h">[lydopptak]</subfield>
        </datafield>
        <datafield tag="246" ind1="1" ind2=" ">
            <subfield code="a">The hobbit</subfield>
            <subfield code="i">Originaltittel</subfield>
        </datafield>
        <datafield tag="260" ind1=" " ind2=" ">
            <subfield code="a">Billingstad</subfield>
            <subfield code="b">Fono forl.</subfield>
            <subfield code="c">2005</subfield>
        </datafield>
        <datafield tag="300" ind1=" " ind2=" ">
            <subfield code="a">8 plater (CD) (10 t)</subfield>
            <subfield code="b">digital</subfield>
            <subfield code="c">12 cm, i eske</subfield>
        </datafield>
        <datafield tag="336" ind1=" " ind2=" ">
            <subfield code="a">spoken word</subfield>
            <subfield code="2">rdacontent</subfield>
            <subfield code="0">http://rdaregistry.info/termList/RDAContentType/1013</subfield>
        </datafield>
        <datafield tag="337" ind1=" " ind2=" ">
            <subfield code="a">audio</subfield>
            <subfield code="2">rdamedia</subfield>
            <subfield code="0">http://rdaregistry.info/termList/RDAMediaType/1001</subfield>
        </datafield>
        <datafield tag="338" ind1=" " ind2=" ">
            <subfield code="a">audio disc</subfield>
            <subfield code="2">rdacarrier</subfield>
            <subfield code="0">http://rdaregistry.info/termList/RDACarrierType/1004</subfield>
        </datafield>
        <datafield tag="380" ind1=" " ind2=" ">
            <subfield code="a">Language-based work</subfield>
            <subfield code="2">rdacarrier</subfield>
            <subfield code="0">https://schema.nb.no/Bibliographic/Values/V1000</subfield>
        </datafield>
        <datafield tag="500" ind1=" " ind2=" ">
            <subfield code="a">1. norske lydbokutg. 1995</subfield>
        </datafield>
        <datafield tag="500" ind1=" " ind2=" ">
            <subfield code="a">Lest av: Knut Røe</subfield>
        </datafield>
        <datafield tag="500" ind1=" " ind2=" ">
            <subfield code="a">Nytt oppl. med 13-sifret ISBN utgitt av Aller forlag</subfield>
        </datafield>
        <datafield tag="700" ind1="1" ind2=" ">
            <subfield code="a">Åsen, Finn</subfield>
            <subfield code="4">trl</subfield>
            <subfield code="4">http://rdaregistry.info/Elements/e/object/P20037</subfield>
            <subfield code="1">http://www.example.com/aasenfinn</subfield>
        </datafield>
        <datafield tag="700" ind1="1" ind2=" ">
            <subfield code="a">Grønnvik, Oddrun</subfield>
            <subfield code="4">trl</subfield>
            <subfield code="4">http://rdaregistry.info/Elements/e/object/P20037</subfield>
            <subfield code="1">http://viaf.org/viaf/1169314213724530007</subfield>
        </datafield>
        <datafield tag="700" ind1="1" ind2=" ">
            <subfield code="a">Røe, Knut</subfield>
            <subfield code="d">1949-</subfield>
            <subfield code="e">medarb.</subfield>
            <subfield code="0">(NO-TrBIB)90088212</subfield>
            <subfield code="1">http://viaf.org/viaf/224621493</subfield>
            <subfield code="4">http://rdaregistry.info/Elements/e/object/P20022</subfield>
        </datafield>
    </record>